<record><leader>00000cas a22000007a 4500</leader><controlfield tag="001">16670191</controlfield><controlfield tag="008">870911d19411943aluwr ne      0    0eng d</controlfield><datafield ind1=" " ind2=" " tag="010"><subfield code="a">sn 87050303 </subfield></datafield><datafield ind1=" " ind2=" " tag="040"><subfield code="a">AAR</subfield><subfield code="b">eng</subfield><subfield code="c">AAR</subfield><subfield code="d">CPN</subfield><subfield code="d">OCLCQ</subfield></datafield><datafield ind1=" " ind2=" " tag="042"><subfield code="a">msc</subfield></datafield><datafield ind1="0" ind2="4" tag="245"><subfield code="a">The Russell register and press.</subfield></datafield><datafield ind1=" " ind2=" " tag="260"><subfield code="a">Phenix City, Ala. :</subfield><subfield code="b">Grady F. Johnson,</subfield><subfield code="c">1941-1943.</subfield></datafield><datafield ind1=" " ind2=" " tag="300"><subfield code="a">v.</subfield></datafield><datafield ind1=" " ind2=" " tag="310"><subfield code="a">Weekly</subfield></datafield><datafield ind1="0" ind2=" " tag="362"><subfield code="a">Vol. 66, no. 3 (Sept. 12, 1941)-v. 67, no. 34 (Apr. 9, 1943).</subfield></datafield><datafield ind1=" " ind2=" " tag="752"><subfield code="a">United States</subfield><subfield code="b">Alabama</subfield><subfield code="c">Russell</subfield><subfield code="d">Phenix City.</subfield></datafield><datafield ind1="0" ind2="4" tag="780"><subfield code="t">Russell register (Seale, Ala.)</subfield><subfield code="w">(DLC)sn 84023581</subfield></datafield><datafield ind1="0" ind2="4" tag="780"><subfield code="t">Hurtsboro press</subfield><subfield code="w">(DLC)sn 87050302</subfield></datafield><datafield ind1="0" ind2="4" tag="785"><subfield code="t">Phenix-Girard journal (Girard, Ala.)</subfield><subfield code="w">(DLC)sn 88050190</subfield></datafield></record>